@book{manual,
	author = "Andrew D. Balmos and Sutton R. Hathorn",
	editor = "Brooke A. Parks",
	title = "Electrical Engineering Fundimentals Labratory I",
	publisher = "Balmos Hathorn"
}

@manual{datasheet,
    organization  = "Advanced Linear Devices, Inc.",
    title         = "ALD1106 Quad N-Channel Matched Pair MOSFET Array Datasheet",
    year          =  2012,
    month         =  11,    
    note          = "Rev. 2.1"
}